@misc{Unitedprint2017,
	AUTHOR={SE Unitedprint.com},
	YEAR={2017},
	TITLE={Unternehmenspr√§sentation},
	edition={PDF},
}
